<?xml version="1.0" encoding="UTF-8"?><collection xmlns="http://www.loc.gov/MARC21/slim"><record><leader>00387nam--2200121-i-4500</leader><controlfield tag="001">000004260</controlfield><controlfield tag="002">20161230</controlfield><controlfield tag="005">20161230201025</controlfield><controlfield tag="008">060222s1000------------r-----000-0-eng-d</controlfield><datafield ind1=" " ind2=" " tag="080"><subfield code="a">698.2(083.8)</subfield></datafield><datafield ind1=" " ind2=" " tag="245"><subfield code="a">Catalog de preturi unitare pe articole de devi z pentru lucrari de instalatii interioare de g aze la constructii. g-1959</subfield></datafield><datafield ind1=" " ind2=" " tag="260"><subfield code="a">Bucuresti, Ed. Tehnica, 1958. 12 P</subfield></datafield><datafield ind1=" " ind2=" " tag="852"><subfield code="a">5325</subfield></datafield></record></collection>